% Entries that [bibdb](https://github.com/cacay/bibdb) cannot track.
@techreport{CheneyH03,
  title={First-class phantom types},
  author={Cheney, James and Hinze, Ralf},
  year={2003},
  institution={Cornell University}
}

@techreport{HopcroftK71,
  title={A linear algorithm for testing equivalence of finite automata},
  author={Hopcroft, John E and Karp, Richard M},
  year={1971},
  institution={Cornell University}
}
